<?xml version="1.0" encoding="UTF-8"?><collection><record><leader>05542ntm a2200565 a 4500</leader><controlfield tag="001">006805024</controlfield><controlfield tag="003">MiAaHDL</controlfield><controlfield tag="005">20190719000000.0</controlfield><controlfield tag="006">m        d        </controlfield><controlfield tag="007">cr bn ---auaua</controlfield><controlfield tag="008">090529s1730    xx            00| ||ara d</controlfield><datafield tag="035" ind1=" " ind2=" "><subfield code="a">(MiU)006805024</subfield></datafield><datafield tag="035" ind1=" " ind2=" "><subfield code="a">sdr-miu006805024</subfield></datafield><datafield tag="040" ind1=" " ind2=" "><subfield code="a">MiU</subfield><subfield code="c">MiU</subfield><subfield code="e">amremm</subfield></datafield><datafield tag="043" ind1=" " ind2=" "><subfield code="a">n-us-mi</subfield></datafield><datafield tag="100" ind1="1" ind2=" "><subfield code="6">880-01</subfield><subfield code="a">Abū al-Layth al-Samarqandī, Naṣr ibn Muḥammad,</subfield><subfield code="d">-983?</subfield></datafield><datafield tag="245" ind1="1" ind2="0"><subfield code="6">880-03</subfield><subfield code="a">Khizānat al-fiqh,</subfield><subfield code="f">[1142, i.e. 1730].</subfield></datafield><datafield tag="246" ind1="3" ind2=" "><subfield code="i">Title from inscription on 'title page' (p.3):</subfield><subfield code="a">خزانة الفقه</subfield></datafield><datafield tag="246" ind1="3" ind2=" "><subfield code="i">Title from rubricated heading on incipit page (p.4):</subfield><subfield code="a">هذا كتاب خزانة الفقه</subfield></datafield><datafield tag="246" ind1="3" ind2=" "><subfield code="i">Edge title (tail):</subfield><subfield code="a">خزانة الفقه</subfield></datafield><datafield tag="260" ind1=" " ind2=" "><subfield code="c">[1730].</subfield></datafield><datafield tag="300" ind1=" " ind2=" "><subfield code="a">102 leaves :</subfield><subfield code="b">paper ;</subfield><subfield code="c">213 x 163 (155 x 110) mm.</subfield></datafield><datafield tag="500" ind1=" " ind2=" "><subfield code="a">Shelfmark: Ann Arbor, University of Michigan, Special Collections Library, Isl. Ms. 577</subfield></datafield><datafield tag="500" ind1=" " ind2=" "><subfield code="a">Origin: As appears in colophon on p.208, transcription completed 13 Shawwāl 1142 [ca. 1 May 1730].</subfield></datafield><datafield tag="500" ind1=" " ind2=" "><subfield code="a">Accompanying materials: a. Acquisitions slip from Yahuda (paginated pp.1-2) -- b. Insert with notes (paginated pp.95-96).</subfield></datafield><datafield tag="500" ind1=" " ind2=" "><subfield code="a">Former shelfmark: From interior of upper cover and spine label "IL 110" (likely supplied by Yahuda, see acquisitions slip).</subfield></datafield><datafield tag="500" ind1=" " ind2=" "><subfield code="a">Binding: Pasteboards covered in tan leather ; Type III binding (without flap) ; board linings in yellow laid paper ; upper and lower covers carry stamped mandorla and pendants (with now greenish onlays), as well as tooled rule-border ; sewn in white thread, two stations ; worked endbands mainly gone though traces of tailband remain ; overall in poor condition with lifting and losses of leather (especially at spine), much abrasion and staining, upper cover detaching, etc.</subfield></datafield><datafield tag="500" ind1=" " ind2=" "><subfield code="a">Support: European laid paper mainly with 6 laid lines per cm. (vertical), chain lines spaced 28 mm. apart (horizontal), and watermarks of three crescents (88 mm. long, perpendicular to chains, see p. 32, 33, etc.) and six mounts with cross above and text beneath (see p.30, 35, 154, etc. and compare Monts - Six monts imbriqués nos.6-9 in Velkov, Les Filigranes dans les documents Ottomans) ; medium cream in color, sturdy and well-burnished ; some staining.</subfield></datafield><datafield tag="500" ind1=" " ind2=" "><subfield code="a">Decoration: Section headings and keywords rubricated ; occasional textual divider in the form of hāʼ in red.</subfield></datafield><datafield tag="500" ind1=" " ind2=" "><subfield code="a">Script: Naskh ; clear Turkish hand ; partially seriffed with occasional left-sloping head-serif on joined alif, marked tilt to the left, occasional descent of words to baseline, mainly curvilinear descenders, pointing in conjoined dots or strokes, freely ligatured (point of final nūn often assimilated with bowl, etc.).</subfield></datafield><datafield tag="500" ind1=" " ind2=" "><subfield code="a">Layout: Written in 15 lines per page ; frame-ruled.</subfield></datafield><datafield tag="500" ind1=" " ind2=" "><subfield code="a">Collation: 10 V(100), 2 (102) ; almost exclusively quinions ; catchwords present ; pagination in pencil, Western numerals, supplied during digitization (includes inserts).</subfield></datafield><datafield tag="500" ind1=" " ind2=" "><subfield code="a">Colophon: "Scribal," triangular, reads "قد تمت كتابة هذه [كذا] المجلد المبارك في يوم الثالث عشر شهر شوال سنة الف مائة اثنين واربعين تم تم تم"</subfield></datafield><datafield tag="500" ind1=" " ind2=" "><subfield code="a">Explicit: "فقال ما دام احد الحرام ليس اعمل بالحلال يكفر تمت الكتاب بعناية الله المرشد بالصواب واليه المرجع والمآب المسمى بخزانة الفقه عن تأليف الشيخ العالم الزاهد الفقيه المحقق والمدقق ابو الليث السمرقندي رحمة الله عليه وعلى جميع الفقهاء الدين [كذا] الصالحين والمشايخ الكبار والصغار من امة محمد عليه الصلوة والسلام الى يوم الحشر والقيام"</subfield></datafield><datafield tag="500" ind1=" " ind2=" "><subfield code="a">Incipit: "الحمد لله رب العالمين والصلوة والسلام على سيدنا محمد واله وصحبه الطيبين الطاهرين اعلم ان الفقه علم حسن وهو اجل العلوم وهو علم الدين والشريفة وقوام الشريفة به ... وقد اجتمع فيه فضائل الفقه معدودة الاجناس مجموعة النظائر تسهيلا في التحفظ وتيسرا للفهم ... وسميته خزانة الفقه ..."</subfield></datafield><datafield tag="500" ind1=" " ind2=" "><subfield code="a">Title from opening matter on p.4 and closing matter on p.208.</subfield></datafield><datafield tag="500" ind1=" " ind2=" "><subfield code="a">Ms. codex.</subfield></datafield><datafield tag="510" ind1="4" ind2=" "><subfield code="a">Velkov, Asparouh. Les Filigranes dans les documents Ottomans: divers types d’images. Sofia: Éditions "Texte - A. Trayanov", 2005.</subfield></datafield><datafield tag="510" ind1="4" ind2=" "><subfield code="a">Brockelmann, C. GAL,</subfield><subfield code="c">I 196 (no.2)</subfield></datafield><datafield tag="520" ind1="8" ind2=" "><subfield code="a">Clear copy of the handbook of Ḥanafī law by Abū al-Layth al-Samarqandī.</subfield></datafield><datafield tag="538" ind1=" " ind2=" "><subfield code="a">Mode of access: Internet.</subfield></datafield><datafield tag="541" ind1=" " ind2=" "><subfield code="a">Acquired in 1926 from the bookseller Isaac Benjamin S.E. Yahuda via purchase transacted on his behalf by Abraham Shalom Yahuda (1877-1951), his younger brother.</subfield></datafield><datafield tag="546" ind1=" " ind2=" "><subfield code="a">Arabic.</subfield></datafield><datafield tag="561" ind1=" " ind2=" "><subfield code="a">Many marginal and interlinear corrections.</subfield></datafield><datafield tag="650" ind1=" " ind2="0"><subfield code="a">Manuscripts, Arabic</subfield><subfield code="z">Michigan</subfield><subfield code="z">Ann Arbor.</subfield></datafield><datafield tag="650" ind1=" " ind2="0"><subfield code="a">Hanafites</subfield><subfield code="v">Early works to 1800.</subfield></datafield><datafield tag="650" ind1=" " ind2="0"><subfield code="a">Islamic law</subfield><subfield code="x">Interpretation and construction</subfield><subfield code="v">Early works to 1800.</subfield></datafield><datafield tag="773" ind1="0" ind2=" "><subfield code="a">Yahuda Collection.</subfield></datafield><datafield tag="880" ind1="1" ind2="0"><subfield code="6">245-03/</subfield><subfield code="a">خزانة الفقه,</subfield><subfield code="f">[1142ه, 1730م].</subfield></datafield><datafield tag="880" ind1="1" ind2=" "><subfield code="6">100-01/</subfield><subfield code="a">ابو الليث السمرقندي، نصر بن محمد.</subfield></datafield><datafield tag="CID" ind1=" " ind2=" "><subfield code="a">006805024</subfield></datafield><datafield tag="DAT" ind1="0" ind2=" "><subfield code="a">20190719102637.0</subfield><subfield code="b">20190719000000.0</subfield></datafield><datafield tag="DAT" ind1="1" ind2=" "><subfield code="a">20190719090653.0</subfield><subfield code="b">2019-07-19T16:11:38Z</subfield></datafield><datafield tag="DAT" ind1="2" ind2=" "><subfield code="a">2015-10-02T18:00:03Z</subfield></datafield><datafield tag="CAT" ind1=" " ind2=" "><subfield code="a">SDR-MIU</subfield><subfield code="d">EX LIBRIS - ALEPH</subfield><subfield code="l">prepare.pl-004-008</subfield></datafield><datafield tag="FMT" ind1=" " ind2=" "><subfield code="a">BK</subfield></datafield><datafield tag="HOL" ind1=" " ind2=" "><subfield code="0">sdr-miu006805024</subfield><subfield code="a">MiU</subfield><subfield code="b">SDR</subfield><subfield code="c">MIU</subfield><subfield code="p">mdp.39015079127042</subfield><subfield code="s">MIU</subfield><subfield code="1">006805024</subfield></datafield><datafield tag="974" ind1=" " ind2=" "><subfield code="b">MIU</subfield><subfield code="c">MIU</subfield><subfield code="d">20190719</subfield><subfield code="s">lit-dlps-dc</subfield><subfield code="u">mdp.39015079127042</subfield><subfield code="y">1730</subfield><subfield code="r">pd</subfield><subfield code="q">bib</subfield><subfield code="t">non-US bib date1 &lt; 1896</subfield></datafield></record></collection>